<mx:record xmlns="http://www.w3.org/TR/xhtml1/strict" xmlns:mx="http://www.loc.gov/MARC21/slim" xmlns:xsi="http://www.w3.org/2001/XMLSchema-instance"><mx:leader>00000cz   2200000n  0000</mx:leader><mx:controlfield tag="001">oca03907866 </mx:controlfield><mx:controlfield tag="005">20040813052014.0</mx:controlfield><mx:controlfield tag="008">950824n| acannaabn          |a aaa     c</mx:controlfield><mx:datafield ind1=" " ind2=" " tag="010"><mx:subfield code="a">nr 95031173</mx:subfield></mx:datafield><mx:datafield ind1=" " ind2=" " tag="040"><mx:subfield code="a">NNC</mx:subfield><mx:subfield code="c">NNC</mx:subfield><mx:subfield code="d">InU</mx:subfield></mx:datafield><mx:datafield ind1="0" ind2=" " tag="100"><mx:subfield code="a">Caecilius Statius</mx:subfield></mx:datafield><mx:datafield ind1="1" ind2=" " tag="400"><mx:subfield code="a">Statius, Caecilius</mx:subfield></mx:datafield><mx:datafield ind1="0" ind2=" " tag="400"><mx:subfield code="a">Cecilio Stazio</mx:subfield></mx:datafield><mx:datafield ind1="0" ind2=" " tag="400"><mx:subfield code="a">Cecyliusz Stacjusz</mx:subfield></mx:datafield><mx:datafield ind1=" " ind2=" " tag="670"><mx:subfield code="a">His Pallitae [CF] 1991:</mx:subfield><mx:subfield code="b">PHI CD ROM #5.3, Latin Canon, bibliographic screen (Caecilius Statius)</mx:subfield></mx:datafield><mx:datafield ind1=" " ind2=" " tag="670"><mx:subfield code="a">Pauly-Wissowa:</mx:subfield><mx:subfield code="b">5. Halbbd., col. 1189-1192; &amp;#034;Caecilius&amp;#034;, #25 (Caecilius; forename Statius; poet of palliatae; Celtic, possibly born in Milan; lived one year past his friend Ennius, who died 169 B.C.</mx:subfield></mx:datafield><mx:datafield ind1=" " ind2=" " tag="670"><mx:subfield code="a">Oxford class. dict., 1st ed.:</mx:subfield><mx:subfield code="b">p. 151 (Caecilius Statius; d. 168 B.C.; succeeded Plantus as Rome&amp;#039;s chief comic dramatist)</mx:subfield></mx:datafield><mx:datafield ind1=" " ind2=" " tag="670"><mx:subfield code="a">LC in RLIN, 8/17/95</mx:subfield><mx:subfield code="b">(hdg: Caecilius Statius; usage: Cecilio Stazio)</mx:subfield></mx:datafield><mx:datafield ind1=" " ind2=" " tag="670"><mx:subfield code="a">NUC pre-56:</mx:subfield><mx:subfield code="b">v. 88, p. 686 (Caecilius Statius)</mx:subfield></mx:datafield><mx:datafield ind1=" " ind2=" " tag="670"><mx:subfield code="a">Dict. of Greek and Roman biography and mythology, 1967:</mx:subfield><mx:subfield code="b">v. 1, P. 526 (Caecilius Statius; Roman comic poet; an Insubian Gaul, native of Milan; being a slave he bore the appellation of Statius and which became a cognomen after he received his freedom; d. B.C. 168)</mx:subfield></mx:datafield><mx:datafield ind1=" " ind2=" " tag="670"><mx:subfield code="a">Rzymska poezja sceniczna, Cecyliusz Stacjusz, 2003:</mx:subfield><mx:subfield code="b">t.p. (Cecyliusz Stacjusz)</mx:subfield></mx:datafield><mx:datafield ind1=" " ind2=" " tag="999"><mx:subfield code="a">222</mx:subfield></mx:datafield></mx:record>